<?xml version="1.0" encoding="UTF-8"?><collection xmlns="http://www.loc.gov/MARC21/slim"><record><leader>00627nam--2200205-u-4500</leader><controlfield tag="001">000052281</controlfield><controlfield tag="002">20161230</controlfield><controlfield tag="005">20161230201050</controlfield><controlfield tag="008">100610s1000------------r-----000-0-rus-d</controlfield><datafield ind1=" " ind2=" " tag="040"><subfield code="a">IFIN-HH</subfield></datafield><datafield ind1=" " ind2=" " tag="041"><subfield code="a">rus</subfield></datafield><datafield ind1=" " ind2=" " tag="080"><subfield code="a">519.23 : 51 - 74</subfield></datafield><datafield ind1="1" ind2=" " tag="100"><subfield code="a">Bendat, Julius S</subfield></datafield><datafield ind1="1" ind2="0" tag="245"><subfield code="a">Primeneniia korreliationnogo i spektralinogo analiza</subfield><subfield code="c">Julius S. Bendat ; Allan G. Piersol</subfield></datafield><datafield ind1=" " ind2=" " tag="260"><subfield code="a">Moskva</subfield><subfield code="b">Mir</subfield><subfield code="c">1983</subfield></datafield><datafield ind1=" " ind2=" " tag="300"><subfield code="a">312 p</subfield></datafield><datafield ind1=" " ind2=" " tag="500"><subfield code="a">Tit. orig. in lb. engleza : Engineering Applications of Correlation and Spectral Analysis</subfield></datafield><datafield ind1="1" ind2=" " tag="700"><subfield code="a">Piersol, Allan G</subfield></datafield><datafield ind1=" " ind2=" " tag="852"><subfield code="a">71645</subfield><subfield code="c">519.2</subfield></datafield><datafield ind1=" " ind2=" " tag="CAT"><subfield code="a">Sys</subfield><subfield code="c">20100610</subfield><subfield code="h">120926</subfield></datafield></record></collection>